<record xmlns="http://www.loc.gov/MARC21/slim" xmlns:xsi="http://www.w3.org/2001/XMLSchema-instance" xsi:schemaLocation="http://www.loc.gov/MARC21/slim http://www.loc.gov/standards/marcxml/schema/MARC21slim.xsd"><leader>     nam a22        4500</leader><controlfield tag="001">001674715</controlfield><controlfield tag="003">NNU</controlfield><controlfield tag="006">m        d        </controlfield><controlfield tag="007">cr cn |||m|||a</controlfield><controlfield tag="008">150313s1946    ua      o     000 d ara d</controlfield><datafield ind1=" " ind2=" " tag="040"><subfield code="a">NNU</subfield><subfield code="b">eng</subfield><subfield code="c">NNU</subfield></datafield><datafield ind1="1" ind2=" " tag="041"><subfield code="a">ara</subfield><subfield code="h">fre</subfield></datafield><datafield ind1=" " ind2="4" tag="050"><subfield code="a">PQ2613.I2</subfield><subfield code="b">G412 1946</subfield></datafield><datafield ind1=" " ind2=" " tag="066"><subfield code="c">(3</subfield><subfield code="c">(4</subfield></datafield><datafield ind1=" " ind2=" " tag="090"><subfield code="a">PQ2613.I2</subfield><subfield code="b">G412 1946</subfield></datafield><datafield ind1="1" ind2=" " tag="100"><subfield code="6">880-01</subfield><subfield code="a">Gide, Andr&#233;,</subfield><subfield code="d">1869-1951</subfield></datafield><datafield ind1="1" ind2="0" tag="245"><subfield code="6">880-02</subfield><subfield code="a">Min ab&#7789;&#257;l al-as&#257;&#7789;&#299;r al-Y&#363;n&#257;n&#299;yah</subfield><subfield code="h">[electronic resource] :</subfield><subfield code="b">&#362;d&#299;b ; T&#299;s&#299;y&#363;s /</subfield><subfield code="c">Andr&#299;h Zh&#299;d ; tarjamat &#7788;&#257;h&#257; &#7716;usayn.</subfield></datafield><datafield ind1="3" ind2=" " tag="246"><subfield code="6">880-03</subfield><subfield code="a">Awd&#299;b</subfield></datafield><datafield ind1="3" ind2=" " tag="246"><subfield code="6">880-04</subfield><subfield code="a">T&#299;s&#299;y&#363;s</subfield></datafield><datafield ind1=" " ind2=" " tag="260"><subfield code="6">880-05</subfield><subfield code="a">al-Q&#257;hirah :</subfield><subfield code="b">D&#257;r al-K&#257;tib al-Mi&#7779;r&#299;,</subfield><subfield code="c">1946.</subfield></datafield><datafield ind1=" " ind2=" " tag="300"><subfield code="a">online resource (310 p.)</subfield></datafield><datafield ind1=" " ind2=" " tag="500"><subfield code="a">Part of the Arabic Collections Online (ACO) project, contributed by New York Univeristy Libraries.</subfield></datafield><datafield ind1=" " ind2=" " tag="533"><subfield code="a">Electronic reproduction.</subfield><subfield code="b">New York, N.Y. :</subfield><subfield code="c">New York University,</subfield><subfield code="d">2015.</subfield><subfield code="5">NNU</subfield></datafield><datafield ind1="1" ind2=" " tag="700"><subfield code="a">Gide, Andr&#233;,</subfield><subfield code="d">1869-1951.</subfield><subfield code="t">Oedipe.</subfield><subfield code="l">Arabic.</subfield></datafield><datafield ind1="1" ind2=" " tag="700"><subfield code="a">Gide, Andr&#233;,</subfield><subfield code="d">1869-1951.</subfield><subfield code="t">Th&#233;s&#233;e.</subfield><subfield code="l">Arabic.</subfield></datafield><datafield ind1="1" ind2=" " tag="700"><subfield code="a">&#7716;usayn, &#7788;&#257;h&#257;,</subfield><subfield code="d">1889-1973.</subfield></datafield><datafield ind1="2" ind2=" " tag="710"><subfield code="a">New York University.</subfield><subfield code="b">Libraries.</subfield></datafield><datafield ind1="0" ind2=" " tag="730"><subfield code="a">Arabic Collections Online.</subfield></datafield><datafield ind1="0" ind2="8" tag="776"><subfield code="i">Print version:</subfield><subfield code="a">Gide, Andr&#233;, 1869-1951 880-01</subfield><subfield code="t">Min ab&#7789;&#257;l al-as&#257;&#7789;&#299;r al-Y&#363;n&#257;n&#299;yah</subfield><subfield code="w">(NNU)001674715</subfield></datafield><datafield ind1="4" ind2="0" tag="856"><subfield code="u">http://hdl.handle.net/2333.1/gqnk9c58</subfield></datafield><datafield ind1="1" ind2=" " tag="880"><subfield code="6">100-01/</subfield><subfield code="a">&#65533;&#1610;&#1583;&#1548; &#1575;&#1606;&#1583;&#1585;&#1610;&#1607;.</subfield></datafield><datafield ind1="1" ind2="0" tag="880"><subfield code="6">245-02/</subfield><subfield code="a">&#1605;&#1606; &#1571;&#1576;&#1591;&#1575;&#1604; &#1575;&#1604;&#1571;&#1587;&#1575;&#1591;&#1610;&#1585; &#1575;&#1604;&#1610;&#1608;&#1606;&#1575;&#1606;&#1610;&#1577; :</subfield><subfield code="b">&#1575;&#1608;&#1583;&#1610;&#1576; &#1563; &#1578;&#1610;&#1587;&#1610;&#1608;&#1587; /</subfield><subfield code="c">&#1575;&#1606;&#1583;&#1585;&#1610;&#1607; &#65533;&#1610;&#1583; &#1563; &#1578;&#1585;&#1580;&#1605;&#1577; &#1591;&#1607; &#1581;&#1587;&#1610;&#1606;.</subfield></datafield><datafield ind1="3" ind2=" " tag="880"><subfield code="6">246-03/</subfield><subfield code="a">&#1575;&#1608;&#1583;&#1610;&#1576;</subfield></datafield><datafield ind1="3" ind2=" " tag="880"><subfield code="6">246-04/</subfield><subfield code="a">&#1578;&#1610;&#1587;&#1610;&#1608;&#1587;</subfield></datafield><datafield ind1=" " ind2=" " tag="880"><subfield code="6">260-05/</subfield><subfield code="a">&#1575;&#1604;&#1602;&#1575;&#1607;&#1585;&#1577; :</subfield><subfield code="b">&#1583;&#1575;&#1585; &#1575;&#1604;&#1603;&#1575;&#1578;&#1576; &#1575;&#1604;&#1605;&#1589;&#1585;&#1610;&#1548;</subfield><subfield code="c">&#1633;&#1641;&#1636;&#1638;.</subfield></datafield><datafield ind1=" " ind2=" " tag="959"><subfield code="a">NNU</subfield><subfield code="b">WEB</subfield><subfield code="c">GENI</subfield><subfield code="t">0</subfield><subfield code="m">Electronic access</subfield><subfield code="s">01</subfield></datafield><datafield ind1=" " ind2=" " tag="999"><subfield code="i">NNU_001674715</subfield><subfield code="s">nyu_aco000610</subfield><subfield code="e">(ERROR-880)(ERROR-MISC)</subfield></datafield></record>